@misc{intel-e5-2650v3,
  title        = {Intel\textregistered{} Xeon\textregistered{} Processor E5-2650 v3 (25M Cache, 2.30 GHz) Product Specifications},
  author       = {{Intel Corporation}},
  year         = {2014},
  url          = {https://www.intel.com/content/www/us/en/products/sku/81705/intel-xeon-processor-e52650-v3-25m-cache-2-30-ghz/specifications.html},
}

@misc{usi-rosa-hardware,
  title        = {Rosa Cluster Hardware Overview},
  author       = {{Universit{\`a} della Svizzera italiana, Advanced Computing Lab}},
  year         = {2024},
  url          = {https://www.sri.inf.usi.ch/hpc/rosa},
}

@manual{intel-optimization-manual,
  title        = {Intel\textregistered{} 64 and IA-32 Architectures Optimization Reference Manual},
  author       = {{Intel Corporation}},
  year         = {2023},
  url          = {https://www.intel.com/content/www/us/en/develop/download/intel-64-ia-32-architectures-optimization-reference-manual.html},
}
